@misc{android-widget-guidelines,
  title = {{Android Widget Guidelines}},
  howpublished = {\url{http://developer.android.com/guide/practices/ui_guidelines/widget_design.html}},
  note = {Accessed: 2016-04-13}
}

@article{vlissides1995design,
  title={Design patterns: Elements of reusable object-oriented software},
  author={Vlissides, John and Helm, Richard and Johnson, Ralph and Gamma, Erich},
  journal={Reading: Addison-Wesley},
  volume={49},
  number={120},
  pages={11},
  year={1995}
}

@misc{android-plot,
  title = {{Android Plot}},
  howpublished = {\url{http://androidplot.com}},
  note = {Accessed: 2016-04-13}
}