

@misc{emarketer2016smartphone,
  title = {{Smartphone Users Worldwide Will Total 1.75 Billion in 2014 (2014)}},
  howpublished = {\url{http://www.emarketer.com/Article/Smartphone-Users-Worldwide-Will-Total-175-Billion-2014/1010536}},
  note = {Accessed: 2016-05-20}
}

@misc{statista2016mobile,
  title = {{Mobile phone internet user penetration worldwide from 2014 to 2019 (2016)}},
  howpublished = {\url{http://www.statista.com/statistics/284202/mobile-phone-internet-user-penetration-worldwide/}},
  note = {Accessed: 2016-05-20}
}

@misc{comscore2014us,
  title = {{The U.S. Mobile App Report (2014)}},
  howpublished = {\url{http://www.comscore.com/Insights/Presentations-and-Whitepapers/2014/The-US-Mobile-App-Report?cs_edgescape_cc=GB}},
  note = {Accessed: 2016-05-20}
}

@misc{ofcom2016facts,
  title = {{Ofcom: Facts \& figures}},
  howpublished = {\url{http://media.ofcom.org.uk/facts/}},
  note = {Accessed: 2016-05-20}
}


@misc{venture2014report,
  title = {{Report finds free-to-play microtransactions make up 79\% of U.S. app store revenues (2014)}},
  howpublished = {\url{http://venturebeat.com/2014/02/21/report-finds-free-to-play-microtransactions-make-up-79-of-u-s-app-store-revenues/}},
  note = {Accessed: 2016-05-20}
}

@misc{mashable2015micro,
  title = {{Microtransactions and digital sales are dominating game developers' profits (2015)}},
  howpublished = {\url{http://mashable.com/2015/01/15/game-developer-survey-2015/#ouJa0XDdQGqx}},
  note = {Accessed: 2016-05-20}
}