@misc{duolingo,
  title = {{Duolingo website}},
  howpublished = {\url{https://www.duolingo.com}},
  note = {Accessed: 2016-04-11}
}

@misc{arrayshuffle-gist,
  title = {{Fisher-Yates shuffle as protocol extensions}},
  author = {Nate Cook},
  howpublished = {\url{https://gist.github.com/natecook1000/ef096622dab1981823c5}},
  note = {Accessed: 2016-03-30}
}

@misc{stringhelper-stackoverflow,
  title = {{String Helper Extension}},
  author = {Leo Dabus},
  howpublished = {\url{http://stackoverflow.com/questions/26306326}},
  note = {Accessed: 2016-04-10}
}