@misc{jqm-scripting-docs,
  author = {{The jQuery Mobile Project}},
  title = {{Scripting pages}},
  howpublished = "\url{http://demos.jquerymobile.com/1.0/docs/pages/page-scripting.html}",
  year = {2011}, 
  note = "[Online; accessed 17-Febuary-2016]"
}

@misc{google-maps-stackoverflow,
  author = {{StackOverflow}},
  title = {{Question 18444161: Google maps responsive resize}},
  howpublished = "\url{http://stackoverflow.com/questions/18444161/google-maps-responsive-resize}",
  year = {2011}, 
  note = "[Online; accessed 24-Febuary-2014]"
}
